<?xml version="1.0" encoding="UTF-8"?><collection xmlns="http://www.loc.gov/MARC21/slim"><record><leader>00367nam--2200133-i-4500</leader><controlfield tag="001">000035656</controlfield><controlfield tag="002">20161230</controlfield><controlfield tag="005">20161230201040</controlfield><controlfield tag="008">060222s1000------------r-----000-0-eng-d</controlfield><datafield ind1=" " ind2=" " tag="080"><subfield code="a">744</subfield></datafield><datafield ind1=" " ind2=" " tag="100"><subfield code="a">Nitulescu, Th., Precupetu, Paul</subfield></datafield><datafield ind1=" " ind2=" " tag="245"><subfield code="a">Album de reprezentari axonometrice in desenul industrial</subfield></datafield><datafield ind1=" " ind2=" " tag="260"><subfield code="a">Bucuresti, Editura Tehnica, 1978. 192p</subfield></datafield><datafield ind1=" " ind2=" " tag="852"><subfield code="a">45827</subfield></datafield></record></collection>